@article{traffic_flow_forecasting,
  author    = {Shengdong Du and
               Tianrui Li and
               Xun Gong and
               Zeng Yu and
               Shi{-}Jinn Horng},
  title     = {A Hybrid Method for Traffic Flow Forecasting Using Multimodal Deep
               Learning},
  journal   = {CoRR},
  volume    = {abs/1803.02099},
  year      = {2018},
  url       = {http://arxiv.org/abs/1803.02099},
  archivePrefix = {arXiv},
  eprint    = {1803.02099},
  timestamp = {Mon, 13 Aug 2018 16:48:51 +0200},
  biburl    = {https://dblp.org/rec/bib/journals/corr/abs-1803-02099},
  bibsource = {dblp computer science bibliography, https://dblp.org}
}

@article{modeling_patterns_with_DNN,
  author    = {Guokun Lai and
               Wei{-}Cheng Chang and
               Yiming Yang and
               Hanxiao Liu},
  title     = {Modeling Long- and Short-Term Temporal Patterns with Deep Neural Networks},
  journal   = {CoRR},
  volume    = {abs/1703.07015},
  year      = {2017},
  url       = {http://arxiv.org/abs/1703.07015},
  archivePrefix = {arXiv},
  eprint    = {1703.07015},
  timestamp = {Mon, 13 Aug 2018 16:46:12 +0200},
  biburl    = {https://dblp.org/rec/bib/journals/corr/LaiCYL17},
  bibsource = {dblp computer science bibliography, https://dblp.org}
}
@article{predictive_monitoring_LSTM,
  author    = {Niek Tax,
               Ilya Verenich,
               Marcello La Rosa,
               Marlon Dumas},
  title     = {Predictive Business Process Monitoring with LSTM Neural Networks},
  journal   = {Lecture Notes in Computer Science},
  volume    = {abs/1612.02130v2},
  year      = {2017},
  url       = {https://arxiv.org/abs/1612.02130},
  archivePrefix = {arXiv},
  eprint    = {1612.02130v2}
}

@article{triplet_event_forecasting,
author = {Matsubara, Yasuko and Sakurai, Yasushi and Faloutsos, Christos and Iwata, Tomoharu and Yoshikawa, Masatoshi},
year = {2012},
month = {August},
pages = {},
title = {Fast mining and forecasting of complex time-stamped events},
journal = {Proceedings of the ACM SIGKDD International Conference on Knowledge Discovery and Data Mining},
doi = {10.1145/2339530.2339577}
}

@article{twitter_predicting,
author = {Gupta, Manish and Gao, Jing and Zhai, ChengXiang and Han, Jiawei},
title = {Predicting Future Popularity Trend of Events in Microblogging Platforms},
year = {2012},
month = {January},
url = {https://www.microsoft.com/en-us/research/publication/predicting-future-popularity-trend-of-events-in-microblogging-platforms/},
pages = {1–10},
journal = {Proc. of the 75th Annual Meeting of the American Society for Information Science and Technology (ASIS \& T)},
volume = {49},
number = {1},
}

@article{uber_mulitvar_forecasting,
author = {Nikolay, Laptev and Jason, Yosinski and Li, Erran and Slawek, Smyl},
title = {Time-series Extreme Event Forecasting with Neural Networks at Uber},
year = {2017},
url = {http://roseyu.com/time-series-workshop/submissions/TSW2017_paper_3.pdf},
journal = {Time-series Workshop}
}


@article{comparison_coronary_heart_disease,
title = "Comparison of machine learning algorithms for clinical event prediction (risk of coronary heart disease)",
journal = "Journal of Biomedical Informatics",
volume = "97",
pages = "103257",
year = "2019",
issn = "1532-0464",
doi = "https://doi.org/10.1016/j.jbi.2019.103257",
url = "http://www.sciencedirect.com/science/article/pii/S1532046419301765",
author = "Juan-Jose Beunza and Enrique Puertas and Ester García-Ovejero and Gema Villalba and Emilia Condes and Gergana Koleva and Cristian Hurtado and Manuel F. Landecho"}

@article{struct_unstruct_prediction,
author = {Dey, Lipika and Meisheri, Hardik and Verma, Ishan},
year = {2017},
month = {December},
pages = {},
title = {Predictive Analytics with Structured and Unstructured data - A Deep Learning based Approach},
volume = {18},
journal = {IEEE Intelligent Informatics Bulletin}
}

@article{anomaly_detection_oneclass,
author = {Roberto Mansur},
year = {2019},
month = {July},
url = "https://towardsdatascience.com/extreme-rare-event-classification-a-straight-forward-solution-58a20ef56ef5",
title = {Extreme Rare Event Classification: A Straight Forward Solution For a Real World Dataset}
}

@article{anomaly_detection_ae,
author = {Chitta Ranjan},
year = {2019},
month = {May},
url = "https://towardsdatascience.com/extreme-rare-event-classification-using-autoencoders-in-keras-a565b386f098",
title = {Extreme Rare Event Classification using Autoencoders in Keras}
}

@article{db:gtd,
author = {Erin Miller, Michael Jensen and Brian Wingenroth},
year = {2017},
title = {Global Terrorism Database},
url = "https://www.start.umd.edu/gtd/about/"
}

@inproceedings{nmf_orig,
author = {Lee, Daniel D. and Seung, H. Sebastian},
title = {Algorithms for Non-Negative Matrix Factorization},
year = {2000},
publisher = {MIT Press},
booktitle = {Proceedings of the 13th International Conference on Neural Information Processing Systems},
pages = {535–541},
numpages = {7},
location = {Denver, CO},
series = {NIPS’00}
}

@inproceedings{ae_orig,
author = {Wang, Wei and Huang, Yan and Wang, Yizhou and Wang, Liang},
year = {2014},
month = {06},
pages = {496-503},
title = {Generalized Autoencoder: A Neural Network Framework for Dimensionality Reduction},
journal = {IEEE Computer Society Conference on Computer Vision and Pattern Recognition Workshops},
doi = {10.1109/CVPRW.2014.79}
}

@article{lstm_orig,
author = {Hochreiter, Sepp and Schmidhuber, Jürgen},
year = {1997},
month = {12},
pages = {1735-80},
title = {Long Short-term Memory},
volume = {9},
journal = {Neural computation},
doi = {10.1162/neco.1997.9.8.1735}
}

@article{pca_orig,
author = {Mishra, Sidharth and Sarkar, Uttam and Taraphder, Subhash and Datta, Sanjoy and Swain, Devi and Saikhom, Reshma and Panda, Sasmita and Laishram, Menalsh},
year = {2017},
month = {01},
pages = {1},
title = {Principal Component Analysis},
journal = {International Journal of Livestock Research},
doi = {10.5455/ijlr.20170415115235}
}

@article{rf_orig,
author="Breiman, Leo",
title="Random Forests",
journal="Machine Learning",
year="2001",
month="Oct",
day="01",
volume="45",
number="1",
pages="5--32",
issn="1573-0565",
doi="10.1023/A:1010933404324",
url="https://doi.org/10.1023/A:1010933404324"
}